@article{mutect:2013,
  AUTHOR =   {K Cibulskis and M S Lawrence and S L Carter and A Sivachenko and D Jaffe and C Sougnez and S Gabriel and M Meyerson and E S Lander and G Getz},
  TITLE =    {Sensitive detection of somatic point mutations in impure and heterogeneous cancer samples},
  JOURNAL=    {Computational Biology},
  YEAR =     {2013},
  DOI =      {10.1038/nbt.2514}
}

@article{enrichment_methods:2011,
  AUTHOR =   {F Mertes and A El Sharawy and S Sauer and J M L M van Helvoort and PJ van der Zaag and A Franke and M Nilsson and H Lehrach and A J Brookes},
  TITLE =    {Targeted enrichment of genomic DNA regions for next-generation sequencing},
  JOURNAL =   {Briefings in Functional Genomics},
  YEAR =   {2011},
  VOLUME =   {10},
  NUMBER =   {6},
  PAGES =   {374--386}
}

@article{cancer_stats:2012,
  AUTHOR =   {Direction de la Santé, Service des statistiques, Registre des décès},
  TITLE =   {Statistiques des causes de décès pour l'année 2014},
  YEAR =   {2014}
}

@article{cancer_stats_worldwide:2012,
  AUTHOR =   {J Ferlay and I Soerjomataram and R Dikshit and S Eser and C Mathers and M Rebelo and D M Parkin and D Forman and F Bray},
  TITLE =   {Cancer incidence and mortality worldwide: Sources, methods and major patterns in GLOBOCAN 2012},
  JOURNAL =   {International Journal of Cancer},
  YEAR = {2015}
  VOLUME =   {136},
  PAGES =   {E359-E386}
}

@article{targeting_egfr:2012,
  AUTHOR =   {M Berg},
  TITLE =   {{E}{G}{F}{R} and Downstream Genetic Alterations in {K}{R}{A}{S}/{B}{R}{A}{F} and {P}{I}3{K}/{A}{K}{T} Pathways in Colorectal  Cancer -- Implictaions for Targeted Therapy},
  JOURNAL =   {Discovery Medicine},
  YEAR =   {2012},
  VOLUME =   {14},
  NUMBER =   {76},
  PAGES =   {207--214}
}
